@article{connolly2023journal,
  title={A journal’s guide to choosing a repository for replication packages},
  author={Connolly, Marie and Koren, Mikl{\'o}s and Llull, Joan and Morrow, Peter and Vilhuber, Lars},
  year={2023}
}


@article{mccullough2009open,
  title={Open Access Economics Journals and the Market for Reproducible Economic Research.},
  author={McCullough, Bruce D},
  journal={Economic analysis \& policy},
  volume={39},
  number={1},
  year={2009}
}

@article{feigenbaum1993market,
  title={The market for (ir) reproducible econometrics},
  author={Feigenbaum, Susan and Levy, David M},
  journal={Accountability in Research},
  volume={3},
  number={1},
  pages={25--43},
  year={1993},
  publisher={Taylor \& Francis}
}

@misc{crress2022session1,
 author = {{Labor Dynamics Institute}},
 year = {2022},
 month ={October},
 title = {Should journals verify reproducibility?},
 url = {https://www.youtube.com/watch?v=-dc4xxCIeqQ},
 howpublished = {\url{https://www.youtube.com/watch?v=-dc4xxCIeqQ}},
 publisher ={YouTube},
 urldate = {2023-07-22}
}


@misc{koren2022dcas,
 title ={Data and Code Availability Standard [Version 1.0]},
 version= {1.0},
 author ={Miklós Koren and Marie Connolly and Joan Llull and Lars Vilhuber},
 URL ={https://datacodestandard.org},
 howpublished = {\url{https://datacodestandard.org}},
 DOI ={10.5281/zenodo.7436134},
 year= {2022},
 month={12},
 day ={15}
}

@article{ashenfelter1986,
 ISSN = {00028282},
 author = {O. Ashenfelter and R. Haveman and J. Riley and J. Taylor},
 URL = {http://www.jstor.org/stable/1806060},
 journal = {The American Economic Review},
 number = {4},
 pages = {v--v},
 publisher = {American Economic Association},
 title = {Editorial Statement},
 urldate = {2023-08-10},
 volume = {76},
 year = {1986}
}

@article{mccullough2009open,
  title={Open Access Economics Journals and the Market for Reproducible Economic Research.},
  author={McCullough, Bruce D},
  journal={Economic analysis \& policy},
  volume={39},
  number={1},
  year={2009}
}

@article{anderson1994replication,
  title={Replication and scientific standards in applied economics a decade after the Journal of Money, Credit and Banking project},
  author={Anderson, Richard G and Dewald, William G},
  journal={Review},
  volume={76},
  year={1994}
}

@article{mccullough2003verifying,
  title={Verifying the solution from a nonlinear solver: A case study},
  author={McCullough, Bruce D and Vinod, Hrishikesh D},
  journal={American Economic Review},
  volume={93},
  number={3},
  pages={873--892},
  year={2003},
  publisher={American Economic Association}
}

@article{mayer1980economics,
  title={Economics as a hard science: Realistic goal or wishful thinking?},
  author={Mayer, Thomas},
  journal={Economic Inquiry},
  volume={18},
  number={2},
  pages={165},
  year={1980},
  publisher={Oxford University Press for the Western Economic Association International, etc.}
}

@article{renfro2004econometric,
  title={Econometric software: The first fifty years in perspective},
  author={Renfro, Charles G},
  journal={Journal of Economic and Social Measurement},
  volume={29},
  number={1-3},
  pages={9--107},
  year={2004},
  publisher={IOS Press}
}

@article{anderson2008role,
  title={The role of data/code archives in the future of economic research},
  author={Anderson, Richard G and Greene, William H and McCullough, Bruce D and Vinod, Hrishikesh D},
  journal={Journal of Economic Methodology},
  volume={15},
  number={1},
  pages={99--119},
  year={2008},
  publisher={Taylor \& Francis}
}

@article{currier2021safeguarding,
  title={Safeguarding Research: A Review of Economics Journals’ Preservation Policies for Published Code and Data Files},
  author={Currier, Brett and Butler, Courtney and Lillard, Kira},
  journal={Federal Reserve Bank of Kansas City Working Paper},
  number={21-14},
  year={2021}
}

@article{feige1975consequences,
	title={The consequences of journal editorial policies and a suggestion for revision},
	author={Feige, Edgar L},
	journal={Journal of Political Economy},
	volume={83},
	number={6},
	pages={1291--1296},
	year={1975},
	publisher={The University of Chicago Press}
}

@misc{maniadis2017replicate,
	title={To replicate or not to replicate? Exploring reproducibility in economics through the lens of a model and a pilot study},
	author={Maniadis, Zacharias and Tufano, Fabio and List, John A},
	year={2017},
	publisher={Oxford University Press Oxford, UK}
}

@article{christensen2018transparency,
	title={Transparency, reproducibility, and the credibility of economics research},
	author={Christensen, Garret and Miguel, Edward},
	journal={Journal of Economic Literature},
	volume={56},
	number={3},
	pages={920--980},
	year={2018},
	publisher={American Economic Association 2014 Broadway, Suite 305, Nashville, TN 37203-2425}
}


@techreport{chang2015economics,
	title={Is economics research replicable? Sixty published papers from thirteen journals say'usually not'},
	author={Chang, Andrew C and Li, Phillip},
	year={2015},
	Institution={FEDS Working Paper}
}

@article{dreber2023framework,
	title={A framework for evaluating reproducibility and replicability in economics},
	author={Dreber, Anna and Johannesson, Magnus},
	journal={Available at SSRN 4458153},
	year={2023}
}

@misc{rampini2020retracted,
	title={Retracted: Risk management in financial institutions},
	author={Rampini, Adriano A and Viswanathan, S and Vuillemey, Guillaume},
	year={2020},
	publisher={Wiley Online Library}
}


@article{frisch1933editor,
	title={Editor's Note},
	author={Frisch, Ragnar},
	journal={Econometrica},
	volume={1},
	number={1},
	pages={1-4},
	year={1933}
}

@article{bach2023dividend,
	title={Dividend Taxes and the Allocation of Capital: Comment},
	author={Bach, Laurent and Bozio, Antoine and Guillouzouic, Arthur and Malgouyres, Cl{\'e}ment},
	journal={American Economic Review},
	volume={113},
	number={7},
	pages={2048--2052},
	year={2023},
	publisher={American Economic Association 2014 Broadway, Suite 305, Nashville, TN 37203}
}



@article{restud2023retrac,
	author = {REStud},
	title = "{Retraction of: Growing up in a Recession}",
	journal = {The Review of Economic Studies},
	volume = {90},
	number = {2},
	pages = {1009-1009},
	year = {2023},
	month = {01},
	abstract = "{This is a retraction of: Paola Giuliano, Antonio Spilimbergo, Growing up in a Recession, The Review of Economic Studies, Volume 81, Issue 2, April 2014, Pages 787–817, https://doi.org/10.1093/restud/rdt040The authors and editorial team are retracting this article because the original findings cannot be replicated, likely as a result of an inadvertent coding error. While the original codes and data sets are no longer available, new analysis with a markedly similar data set does not support the original results.}",
	issn = {0034-6527},
	doi = {10.1093/restud/rdac085},
	url = {https://doi.org/10.1093/restud/rdac085},
	howpublished = {\url{https://doi.org/10.1093/restud/rdac085}},
	eprint = {https://academic.oup.com/restud/article-pdf/90/2/1009/49435000/rdac085.pdf},
}


@article{giuliano2014retracted,
	title={Retracted: Growing up in a Recession},
	author={Giuliano, Paola and Spilimbergo, Antonio},
	journal={Review of Economic Studies},
	volume={81},
	number={2},
	pages={787--817},
	year={2014},
	publisher={Oxford University Press}
}

@article{hoynes2023Reproducibility,
	author = {Hoynes, Hilary},
	journal = {Harvard Data Science Review},
	number = {3},
	year = {2023},
	month = {jul 27},
	note = {https://hdsr.mitpress.mit.edu/pub/lr5qgw5t},
	publisher = {},
	title = {
	{Reproducibility} in {Economics}: Status and {Update}	
	},
	volume = {5}
}

@article{whited2023Costs,
	author = {Whited, Toni},
	journal = {Harvard Data Science Review},
	number = {3},
	year = {2023},
	month = {jul 27},
	note = {https://hdsr.mitpress.mit.edu/pub/mnhzk8gq},
	publisher = {},
	title = {{Costs} and {Benefits} of {Reproducibility} in {Finance} and {Economics}},
	volume = {5}
}



@article{vilhuber2023reproducibility,
	title={Reproducibility and transparency versus privacy and confidentiality: Reflections from a data editor},
	author={Vilhuber, Lars},
	journal={Journal of Econometrics},
	year={2023},
	publisher={Elsevier}
}

@article{salmon2023Case,
	author = {Salmon, Timothy C.},
	journal = {Harvard Data Science Review},
	number = {3},
	year = {2023},
	month = {jul 27},
	note = {https://hdsr.mitpress.mit.edu/pub/z9fpx2js},
	publisher = {},
	title = {{The} {Case} for {Data} {Archives} at {Journals}	
	},
	volume = {5}
}


@article{boissel2022dividend,
	title={Dividend Taxes and the Allocation of Capital},
	author={Boissel, Charles and Matray, Adrien},
	journal={American Economic Review},
	volume={112},
	number={9},
	pages={2884--2920},
	year={2022}
}


@article{vilhuber2023Reinforcing,
	author = {Vilhuber, Lars and Schmutte, Ian and Michuda, Aleksandr and Connolly, Marie},
	journal = {Harvard Data Science Review},
	number = {3},
	year = {2023},
	month = {jul 27},
	note = {https://hdsr.mitpress.mit.edu/pub/l8dmf3cm},
	publisher = {},
	title = {
	{Reinforcing} {Reproducibility} and {Replicability}: An {Introduction}
	
	},
	volume = {5},
}




@article{ham2021new,
	title={New Rankings of Economics Journals: Documenting and Explaining the Rise of the New Society Journals},
	author={Ham, John C and Wright, Julian and Ye, Ziqiu},
	journal={Available at SSRN 3606030},
	year={2021}
}


@article{vilhuber2020reproducibility,
	title={Reproducibility and replicability in economics},
	author={Vilhuber, Lars},
	journal={Harvard Data Science Review},
	volume={2},
	number={4},
	pages={1--39},
	year={2020}
}

@article{bollen2015social,
	title={Social, behavioral, and economic sciences perspectives on robust and reliable science: Report of the Subcommittee on Replicability in Science, Advisory Committee to the National Science Foundation Directorate for Social, Behavioral, and Economic Sciences},
	author={Bollen, Kenneth and Cacioppo, JT and Kaplan, RM and Krosnick, JA and Olds, JL},
	journal={National Science Foundation},
	year={2015}
}

@article{hamermesh2007replication,
	title={Replication in economics},
	author={Hamermesh, Daniel S},
	journal={Canadian Journal of Economics/Revue canadienne d'{\'e}conomique},
	volume={40},
	number={3},
	pages={715--733},
	year={2007},
	publisher={Wiley Online Library}
}

@article{dewald1986replication,
	title={Replication in empirical economics: The journal of money, credit and banking project},
	author={Dewald, William G and Thursby, Jerry G and Anderson, Richard G},
	journal={The American Economic Review},
	pages={587--603},
	year={1986},
	publisher={JSTOR}
}

@article{mccullough2006lessons,
	title={Lessons from the jmcb Archive},
	author={McCullough, Bruce D and McGeary, Kerry Anne and Harrison, Teresa D},
	journal={Journal of Money, Credit and Banking},
	pages={1093--1107},
	year={2006},
	publisher={JSTOR}
}

@article{duvendack2015replications,
	title={Replications in economics: A progress report},
	author={Duvendack, Maren and Palmer-Jones, Richard W and Reed, W Robert and others},
	journal={Econ Journal Watch},
	volume={12},
	number={2},
	pages={164--191},
	year={2015},
	publisher={Econ Journal Watch}
}

@inproceedings{vlaeminck2015data,
	title={Data Policies and Data Archives: A New Paradigm for Academic Publishing in Economic Sciences?},
	author={Vlaeminck, Sven and Herrmann, Lisa-Kristin and others},
	booktitle={ELPUB},
	pages={145--155},
	year={2015}
}

